@book{gary_1993,
    title={Theory of Space Plasma Microinstabilities},
    author={Gary, S. Peter},
    place={Cambridge}, 
    series={},  
    DOI={10.1017/CBO9780511551512.008},  
    publisher={Cambridge University Press},  
    year={1993}, 
    pages={123–142}, 
    collection={Cambridge Atmospheric and Space Science Series}
}
@book{goldstein2001,
  title={Classical Mechanics},
  author= {Goldstein, Herbert and Poole, Charles P and Safko, John L},
  isbn={9780201657029},
  url={https://www.pearson.com/en-us/subject-catalog/p/classical-mechanics/P200000006871?view=educator},
  year={2001},
  publisher={Pearson}
}
@book{helliwell1965whistlers,
  title={Whistlers and Related Ionospheric Phenomena},
  author={Helliwell, R.A.},
  isbn={9780783740683},
  lccn={63014128},
  url={https://books.google.com/books?id=qCQ5AAAAIAAJ},
  year={1965},
  publisher={Stanford University Press}
}
@book{cross_greenside_2009, 
place={Cambridge},
title={Pattern Formation and Dynamics in Nonequilibrium Systems},
DOI={10.1017/CBO9780511627200},
publisher={Cambridge University Press},
author={Cross, Michael and Greenside, Henry},
year={2009}
}
@book{qin,
  title = {Gyrocenter-Gauge Kinetic Theory},
  author = {Qin, H and Tang, W M and Lee, W W},
  pages = {14}
}
%wkb
@book{wkb,
  title = {Advanced {{Mathematical Methods}} for {{Scientists}} and {{Engineers I}}},
  author = {Bender, Carl M. and Orszag, Steven A.},
  year = {1999},
  publisher = {{Springer New York}},
  address = {{New York, NY}},
  doi = {10.1007/978-1-4757-3069-2},
  url = {http://link.springer.com/10.1007/978-1-4757-3069-2},
  urldate = {2023-09-26},
  isbn = {978-1-4419-3187-0 978-1-4757-3069-2},
}

%stationary phase
@book{spa1,
  title = {Asymptotic Expansions of Integrals},
  author = {Bleistein, Norman and Handelsman, Richard A.},
  year = {1986},
  publisher = {{Dover Publications}},
  address = {{New York}},
  isbn = {978-0-486-65082-1},
  lccn = {QA311 .B58 1986},
}

@book{spa2,
  title = {Geometric {{Asymptotics}}},
  author = {Guillemin, V. and Sternberg, S.},
  year = {1977},
  month = dec,
  series = {Mathematical {{Surveys}} and {{Monographs}}},
  edition = {Revised},
  volume = {14},
  publisher = {{American Mathematical Society}},
  address = {{Providence, Rhode Island}},
  doi = {10.1090/surv/014},
  url = {http://www.ams.org/surv/014},
  urldate = {2023-09-26},
  isbn = {978-0-8218-1633-2 978-0-8218-3208-0},
}

@article{dowden_doppler-shifted_1962,
    title = {Doppler-shifted cyclotron radiation from electrons: {A} theory of very low frequency emissions from the exosphere},
    volume = {67},
    issn = {2156-2202},
    shorttitle = {Doppler-shifted cyclotron radiation from electrons},
    url = {https://onlinelibrary.wiley.com/doi/abs/10.1029/JZ067i005p01745},
    doi = {10.1029/JZ067i005p01745},
    number = {5},
    urldate = {2021-12-17},
    journal = {Journal of Geophysical Research (1896-1977)},
    author = {Dowden, R. L.},
    year = {1962},
    pages = {1745--1750},
}
@article{zonca_nonlinear_2015,
	title = {Nonlinear dynamics of phase space zonal structures and energetic particle physics in fusion plasmas},
	volume = {17},
	issn = {1367-2630},
	url = {https://iopscience.iop.org/article/10.1088/1367-2630/17/1/013052},
	doi = {10.1088/1367-2630/17/1/013052},
	number = {1},
	urldate = {2021-12-14},
	journal = {New Journal of Physics},
	author = {Zonca, F and Chen, L and Briguglio, S and Fogaccia, G and Vlad, G and Wang, X},
	month = jan,
	year = {2015},
	pages = {013052},
}

@article{zonca_nonlinear_2021,
	title = {Nonlinear dynamics and phase space transport by chorus emission},
	volume = {5},
	issn = {2367-3192},
	url = {https://link.springer.com/10.1007/s41614-021-00057-x},
	doi = {10.1007/s41614-021-00057-x},
	number = {1},
	urldate = {2021-12-14},
	journal = {Reviews of Modern Plasma Physics},
	author = {Zonca, Fulvio and Tao, Xin and Chen, Liu},
	month = dec,
	year = {2021},
	pages = {8},
}

@article{vomvoridis_nonlinear_1980,
	title = {Nonlinear evolution of a monochromatic whistler wave in a nonuniform magnetic field},
	volume = {23},
	issn = {00319171},
	url = {https://aip.scitation.org/doi/10.1063/1.862836},
	doi = {10.1063/1.862836},
	number = {1},
	urldate = {2021-12-14},
	journal = {Physics of Fluids},
	author = {Vomvoridis, J. L. and Denavit, J.},
	year = {1980},
	pages = {174},
}

@article{tao_theoretical_2020,
	title = {Theoretical and numerical studies of chorus waves: {A} review},
	volume = {63},
	issn = {1674-7313, 1869-1897},
	shorttitle = {Theoretical and numerical studies of chorus waves},
	url = {http://link.springer.com/10.1007/s11430-019-9384-6},
	doi = {10.1007/s11430-019-9384-6},
	number = {1},
	urldate = {2021-12-14},
	journal = {Science China Earth Sciences},
	author = {Tao, Xin and Zonca, Fulvio and Chen, Liu and Wu, Yifan},
	month = jan,
	year = {2020},
	pages = {78--92},
}

@article{vomvoridis_test_1979,
	title = {Test particle correlation by a whistler wave in a nonuniform magnetic field},
	volume = {22},
	issn = {00319171},
	url = {https://aip.scitation.org/doi/10.1063/1.862589},
	doi = {10.1063/1.862589},
	number = {2},
	urldate = {2021-12-14},
	journal = {Physics of Fluids},
	author = {Vomvoridis, J. L. and Denavit, J.},
	year = {1979},
	pages = {367},
}

@article{colson_trapped-particle_1986,
	title = {The trapped-particle instability in free electron laser oscillators and amplifiers},
	volume = {250},
	issn = {01689002},
	url = {https://linkinghub.elsevier.com/retrieve/pii/0168900286908788},
	doi = {10.1016/0168-9002(86)90878-8},
	number = {1-2},
	urldate = {2021-12-14},
	journal = {Nuclear Instruments and Methods in Physics Research Section A: Accelerators, Spectrometers, Detectors and Associated Equipment},
	author = {Colson, W.B.},
	month = sep,
	year = {1986},
	pages = {168--175},
}

@article{cully_observational_2011,
	title = {Observational evidence of the generation mechanism for rising-tone chorus: {CHORUS} {CHIRP} {RATES}},
	volume = {38},
	issn = {00948276},
	shorttitle = {Observational evidence of the generation mechanism for rising-tone chorus},
	url = {http://doi.wiley.com/10.1029/2010GL045793},
	doi = {10.1029/2010GL045793},
	number = {1},
	urldate = {2021-12-14},
	journal = {Geophysical Research Letters},
	author = {Cully, C. M. and Angelopoulos, V. and Auster, U. and Bonnell, J. and Le Contel, O.},
	month = jan,
	year = {2011},
	pages = {n/a--n/a},
}

@article{angelopoulos_themis_2008,
	title = {The {THEMIS} {Mission}},
	volume = {141},
	issn = {0038-6308, 1572-9672},
	url = {http://link.springer.com/10.1007/s11214-008-9336-1},
	doi = {10.1007/s11214-008-9336-1},
	number = {1-4},
	urldate = {2021-12-14},
	journal = {Space Science Reviews},
	author = {Angelopoulos, V.},
	month = dec,
	year = {2008},
	pages = {5--34},
}

@article{le_contel_first_2008,
	title = {First {Results} of the {THEMIS} {Search} {Coil} {Magnetometers}},
	volume = {141},
	issn = {0038-6308, 1572-9672},
	url = {http://link.springer.com/10.1007/s11214-008-9371-y},
	doi = {10.1007/s11214-008-9371-y},
	number = {1-4},
	urldate = {2021-12-14},
	journal = {Space Science Reviews},
	author = {Le Contel, O. and Roux, A. and Robert, P. and Coillot, C. and Bouabdellah, A. and de la Porte, B. and Alison, D. and Ruocco, S. and Angelopoulos, V. and Bromund, K. and Chaston, C. C. and Cully, C. and Auster, H. U. and Glassmeier, K. H. and Baumjohann, W. and Carlson, C. W. and McFadden, J. P. and Larson, D.},
	month = dec,
	year = {2008},
	pages = {509--534},
}

@article{tao_comparison_2012,
	title = {Comparison between theory and observation of the frequency sweep rates of equatorial rising tone chorus: {CHORUS} {FREQUENCY} {SWEEP} {RATES}},
	volume = {39},
	issn = {00948276},
	shorttitle = {Comparison between theory and observation of the frequency sweep rates of equatorial rising tone chorus},
	url = {http://doi.wiley.com/10.1029/2012GL051413},
	doi = {10.1029/2012GL051413},
	number = {8},
	urldate = {2021-12-14},
	journal = {Geophysical Research Letters},
	author = {Tao, X. and Li, W. and Bortnik, J. and Thorne, R. M. and Angelopoulos, V.},
	month = apr,
	year = {2012},
	pages = {n/a--n/a},
}

@article{chen_adiabatic_1975,
	title = {Adiabatic {Hamiltonian} of charged particle motion in a dipole field},
	volume = {80},
	issn = {01480227},
	url = {http://doi.wiley.com/10.1029/JA080i004p00690},
	doi = {10.1029/JA080i004p00690},
	number = {4},
	urldate = {2021-12-14},
	journal = {Journal of Geophysical Research},
	author = {Chen, A. J. and Stern, David P.},
	month = feb,
	year = {1975},
	pages = {690--693},
}

@article{zonca_theoretical_2021,
	title = {A theoretical framework of chorus wave excitation},
	url = {http://arxiv.org/abs/2107.03151},
	urldate = {2021-12-14},
	journal = {arXiv:2107.03151 [physics]},
	author = {Zonca, F. and Tao, X. and Chen, L.},
	month = oct,
	year = {2021},
}

@article{omura_theory_2008,
	title = {Theory and simulation of the generation of whistler-mode chorus},
	volume = {113},
	issn = {2156-2202},
	url = {https://onlinelibrary.wiley.com/doi/abs/10.1029/2007JA012622},
	doi = {10.1029/2007JA012622},
	number = {A4},
	urldate = {2021-12-14},
	journal = {Journal of Geophysical Research: Space Physics},
	author = {Omura, Yoshiharu and Katoh, Yuto and Summers, Danny},
	year = {2008},
}

@article{wu_controlling_2020,
	title = {Controlling the {Chirping} of {Chorus} {Waves} via {Magnetic} {Field} {Inhomogeneity}},
	volume = {47},
	issn = {0094-8276, 1944-8007},
	url = {https://onlinelibrary.wiley.com/doi/10.1029/2020GL087791},
	doi = {10.1029/2020GL087791},
	number = {10},
	urldate = {2021-12-14},
	journal = {Geophysical Research Letters},
	author = {Wu, Yifan and Tao, Xin and Zonca, Fulvio and Chen, Liu and Wang, Shui},
	month = may,
	year = {2020},
}

@article{tao_numerical_2014,
	title = {A numerical study of chorus generation and the related variation of wave intensity using the {DAWN} code},
	volume = {119},
	issn = {21699380},
	url = {http://doi.wiley.com/10.1002/2014JA019820},
	doi = {10.1002/2014JA019820},
	number = {5},
	urldate = {2021-12-14},
	journal = {Journal of Geophysical Research: Space Physics},
	author = {Tao, X.},
	month = may,
	year = {2014},
	pages = {3362--3372},
}

@article{ghaffari_statistical_2021,
	title = {Statistical {Study} of {Whistler}‐{Mode} {Waves} and {Expected} {Pitch} {Angle} {Diffusion} {Rates} {During} {Dispersionless} {Electron} {Injections}},
	volume = {48},
	issn = {0094-8276, 1944-8007},
	url = {https://onlinelibrary.wiley.com/doi/10.1029/2021GL094085},
	doi = {10.1029/2021GL094085},
	number = {17},
	urldate = {2021-12-14},
	journal = {Geophysical Research Letters},
	author = {Ghaffari, R. and Cully, C. M. and Gabrielse, C.},
	month = sep,
	year = {2021},
}

@article{van_compernolle_excitation_2015,
	title = {Excitation of {Chirping} {Whistler} {Waves} in a {Laboratory} {Plasma}},
	volume = {114},
	issn = {0031-9007, 1079-7114},
	url = {https://link.aps.org/doi/10.1103/PhysRevLett.114.245002},
	doi = {10.1103/PhysRevLett.114.245002},
	number = {24},
	urldate = {2021-12-14},
	journal = {Physical Review Letters},
	author = {Van Compernolle, B. and An, X. and Bortnik, J. and Thorne, R. M. and Pribyl, P. and Gekelman, W.},
	month = jun,
	year = {2015},
	pages = {245002},
}

@article{del-castillo-negrete_coherent_2005,
	title = {Coherent structures in the plasma wave–particle interaction},
	volume = {47},
	issn = {0741-3335, 1361-6587},
	url = {https://iopscience.iop.org/article/10.1088/0741-3335/47/5A/005},
	doi = {10.1088/0741-3335/47/5A/005},
	number = {5A},
	urldate = {2021-12-14},
	journal = {Plasma Physics and Controlled Fusion},
	author = {del-Castillo-Negrete, D},
	month = may,
	year = {2005},
	pages = {A53--A63},
}

@article{matsumoto_cluster_1981,
	title = {Cluster and channel effect phase bunchings by whistler waves in the nonuniform geomagnetic field},
	volume = {86},
	issn = {0148-0227},
	url = {http://doi.wiley.com/10.1029/JA086iA02p00779},
	doi = {10.1029/JA086iA02p00779},
	number = {A2},
	urldate = {2021-12-14},
	journal = {Journal of Geophysical Research},
	author = {Matsumoto, Hiroshi and Omura, Yoshiharu},
	year = {1981},
	pages = {779},
}

@article{horne_potential_1998,
	title = {Potential waves for relativistic electron scattering and stochastic acceleration during magnetic storms},
	volume = {25},
	issn = {1944-8007},
	url = {https://onlinelibrary.wiley.com/doi/abs/10.1029/98GL01002},
	doi = {10.1029/98GL01002},
	number = {15},
	urldate = {2021-12-15},
	journal = {Geophysical Research Letters},
	author = {Horne, Richard B. and Thorne, Richard M.},
	year = {1998},
	pages = {3011--3014},
}

@article{dysthe_studies_1971,
	title = {Some studies of triggered whistler emissions},
	volume = {76},
	issn = {2156-2202},
	url = {https://onlinelibrary.wiley.com/doi/abs/10.1029/JA076i028p06915},
	doi = {10.1029/JA076i028p06915},
	number = {28},
	urldate = {2021-12-15},
	journal = {Journal of Geophysical Research (1896-1977)},
	author = {Dysthe, K. B.},
	year = {1971},
	pages = {6915--6931},
}

@article{tao_trap-release-amplify_2021,
	title = {A “{Trap}-{Release}-{Amplify}” {Model} of {Chorus} {Waves}},
	volume = {126},
	issn = {2169-9402},
	url = {https://onlinelibrary.wiley.com/doi/abs/10.1029/2021JA029585},
	doi = {10.1029/2021JA029585},
	number = {9},
	urldate = {2021-12-15},
	journal = {Journal of Geophysical Research: Space Physics},
	author = {Tao, Xin and Zonca, Fulvio and Chen, Liu},
	year = {2021},
	pages = {e2021JA029585},
}

@article{helliwell_theory_1967,
	title = {A theory of discrete {VLF} emissions from the magnetosphere},
	volume = {72},
	issn = {2156-2202},
	url = {https://onlinelibrary.wiley.com/doi/abs/10.1029/JZ072i019p04773},
	doi = {10.1029/JZ072i019p04773},
	number = {19},
	urldate = {2021-12-15},
	journal = {Journal of Geophysical Research (1896-1977)},
	author = {Helliwell, R. A.},
	year = {1967},
	pages = {4773--4790},
}

@article{vomvoridis_theory_1982,
	title = {Theory and computer simulations of magnetospheric very low frequency emissions},
	volume = {87},
	issn = {2156-2202},
	url = {https://onlinelibrary.wiley.com/doi/abs/10.1029/JA087iA03p01473},
	doi = {10.1029/JA087iA03p01473},
	number = {A3},
	urldate = {2021-12-15},
	journal = {Journal of Geophysical Research: Space Physics},
	author = {Vomvoridis, J. L. and Crystal, T. L. and Denavit, J.},
	year = {1982},
	pages = {1473--1489},
}

@article{zhang_nonlinear_2019,
	title = {Nonlinear {Electron} {Interaction} {With} {Intense} {Chorus} {Waves}: {Statistics} of {Occurrence} {Rates}},
	volume = {46},
	issn = {1944-8007},
	shorttitle = {Nonlinear {Electron} {Interaction} {With} {Intense} {Chorus} {Waves}},
	url = {https://onlinelibrary.wiley.com/doi/abs/10.1029/2019GL083833},
	doi = {10.1029/2019GL083833},
	number = {13},
	urldate = {2021-12-15},
	journal = {Geophysical Research Letters},
	author = {Zhang, X.-J. and Mourenas, D. and Artemyev, A. V. and Angelopoulos, V. and Bortnik, J. and Thorne, R. M. and Kurth, W. S. and Kletzing, C. A. and Hospodarsky, G. B.},
	year = {2019},
	pages = {7182--7190},
}

@article{nunn_self-consistent_1974,
	title = {A self-consistent theory of triggered {VLF} emissions},
	volume = {22},
	issn = {0032-0633},
	url = {https://www.sciencedirect.com/science/article/pii/0032063374900701},
	doi = {10.1016/0032-0633(74)90070-1},
	number = {3},
	urldate = {2021-12-15},
	journal = {Planetary and Space Science},
	author = {Nunn, D.},
	month = mar,
	year = {1974},
	pages = {349--378},
}

@article{omura_nonlinear_2021,
	title = {Nonlinear wave growth theory of whistler-mode chorus and hiss emissions in the magnetosphere},
	volume = {73},
	issn = {1880-5981},
	url = {https://earth-planets-space.springeropen.com/articles/10.1186/s40623-021-01380-w},
	doi = {10.1186/s40623-021-01380-w},
	number = {1},
	urldate = {2021-12-17},
	journal = {Earth, Planets and Space},
	author = {Omura, Yoshiharu},
	month = dec,
	year = {2021},
	pages = {95},
}

@article{omura_triggering_2011,
	title = {Triggering process of whistler mode chorus emissions in the magnetosphere},
	volume = {116},
	issn = {2156-2202},
	url = {https://onlinelibrary.wiley.com/doi/abs/10.1029/2010JA016280},
	doi = {10.1029/2010JA016280},
	number = {A5},
	urldate = {2021-12-17},
	journal = {Journal of Geophysical Research: Space Physics},
	author = {Omura, Yoshiharu and Nunn, David},
	year = {2011},
}

@article{sudan_theory_1971,
	title = {Theory of triggered {VLF} emissions},
	volume = {76},
	issn = {2156-2202},
	url = {https://onlinelibrary.wiley.com/doi/abs/10.1029/JA076i019p04463},
	doi = {10.1029/JA076i019p04463},
	number = {19},
	urldate = {2021-12-17},
	journal = {Journal of Geophysical Research (1896-1977)},
	author = {Sudan, R. N. and Ott, E.},
	year = {1971},
	pages = {4463--4476},
}

@article{horne_wave_2005,
	title = {Wave acceleration of electrons in the {Van} {Allen} radiation belts},
	volume = {437},
	issn = {0028-0836, 1476-4687},
	url = {http://www.nature.com/articles/nature03939},
	doi = {10.1038/nature03939},
	number = {7056},
	urldate = {2021-12-17},
	journal = {Nature},
	author = {Horne, Richard B. and Thorne, Richard M. and Shprits, Yuri Y. and Meredith, Nigel P. and Glauert, Sarah A. and Smith, Andy J. and Kanekal, Shrikanth G. and Baker, Daniel N. and Engebretson, Mark J. and Posch, Jennifer L. and Spasojevic, Maria and Inan, Umran S. and Pickett, Jolene S. and Decreau, Pierrette M. E.},
	month = sep,
	year = {2005},
	pages = {227--230},
}

@article{thorne_rapid_2013,
	title = {Rapid local acceleration of relativistic radiation-belt electrons by magnetospheric chorus},
	volume = {504},
	issn = {0028-0836, 1476-4687},
	url = {http://www.nature.com/articles/nature12889},
	doi = {10.1038/nature12889},
	number = {7480},
	urldate = {2021-12-17},
	journal = {Nature},
	author = {Thorne, R. M. and Li, W. and Ni, B. and Ma, Q. and Bortnik, J. and Chen, L. and Baker, D. N. and Spence, H. E. and Reeves, G. D. and Henderson, M. G. and Kletzing, C. A. and Kurth, W. S. and Hospodarsky, G. B. and Blake, J. B. and Fennell, J. F. and Claudepierre, S. G. and Kanekal, S. G.},
	month = dec,
	year = {2013},
	pages = {411--414},
}

@article{thorne_scattering_2010,
	title = {Scattering by chorus waves as the dominant cause of diffuse auroral precipitation},
	volume = {467},
	issn = {0028-0836, 1476-4687},
	url = {http://www.nature.com/articles/nature09467},
	doi = {10.1038/nature09467},
	number = {7318},
	urldate = {2021-12-17},
	journal = {Nature},
	author = {Thorne, Richard M. and Ni, Binbin and Tao, Xin and Horne, Richard B. and Meredith, Nigel P.},
	month = oct,
	year = {2010},
	pages = {943--946},
}

@article{katoh_computer_2007,
	title = {Computer simulation of chorus wave generation in the {Earth}'s inner magnetosphere},
	volume = {34},
	issn = {1944-8007},
	url = {https://onlinelibrary.wiley.com/doi/abs/10.1029/2006GL028594},
	doi = {10.1029/2006GL028594},
	number = {3},
	urldate = {2021-12-17},
	journal = {Geophysical Research Letters},
	author = {Katoh, Yuto and Omura, Yoshiharu},
	year = {2007},
}

@article{kasahara_pulsating_2018,
	title = {Pulsating aurora from electron scattering by chorus waves},
	volume = {554},
	issn = {0028-0836, 1476-4687},
	url = {http://www.nature.com/articles/nature25505},
	doi = {10.1038/nature25505},
	number = {7692},
	urldate = {2021-12-17},
	journal = {Nature},
	author = {Kasahara, S. and Miyoshi, Y. and Yokota, S. and Mitani, T. and Kasahara, Y. and Matsuda, S. and Kumamoto, A. and Matsuoka, A. and Kazama, Y. and Frey, H. U. and Angelopoulos, V. and Kurita, S. and Keika, K. and Seki, K. and Shinohara, I.},
	month = feb,
	year = {2018},
	pages = {337--340},
}

@article{nishimura_identifying_2010,
	title = {Identifying the {Driver} of {Pulsating} {Aurora}},
	volume = {330},
	issn = {0036-8075, 1095-9203},
	url = {https://www.science.org/doi/10.1126/science.1193186},
	doi = {10.1126/science.1193186},
	number = {6000},
	urldate = {2021-12-17},
	journal = {Science},
	author = {Nishimura, Y. and Bortnik, J. and Li, W. and Thorne, R. M. and Lyons, L. R. and Angelopoulos, V. and Mende, S. B. and Bonnell, J. W. and Le Contel, O. and Cully, C. and Ergun, R. and Auster, U.},
	month = oct,
	year = {2010},
	pages = {81--84},
}

@article{reeves_electron_2013,
	title = {Electron {Acceleration} in the {Heart} of the {Van} {Allen} {Radiation} {Belts}},
	volume = {341},
	issn = {0036-8075, 1095-9203},
	url = {https://www.science.org/doi/10.1126/science.1237743},
	doi = {10.1126/science.1237743},
	number = {6149},
	urldate = {2021-12-17},
	journal = {Science},
	author = {Reeves, G. D. and Spence, H. E. and Henderson, M. G. and Morley, S. K. and Friedel, R. H. W. and Funsten, H. O. and Baker, D. N. and Kanekal, S. G. and Blake, J. B. and Fennell, J. F. and Claudepierre, S. G. and Thorne, R. M. and Turner, D. L. and Kletzing, C. A. and Kurth, W. S. and Larsen, B. A. and Niehof, J. T.},
	month = aug,
	year = {2013},
	pages = {991--994},
}

@article{tsurutani_postmidnight_1974,
	title = {Postmidnight chorus: {A} substorm phenomenon},
	volume = {79},
	issn = {2156-2202},
	shorttitle = {Postmidnight chorus},
	url = {https://onlinelibrary.wiley.com/doi/abs/10.1029/JA079i001p00118},
	doi = {10.1029/JA079i001p00118},
	number = {1},
	urldate = {2021-12-17},
	journal = {Journal of Geophysical Research (1896-1977)},
	author = {Tsurutani, Bruce T. and Smith, Edward J.},
	year = {1974},
	pages = {118--127},
}

@article{burtis_magnetospheric_1976,
	title = {Magnetospheric chorus: {Occurrence} patterns and normalized frequency},
	volume = {24},
	issn = {00320633},
	shorttitle = {Magnetospheric chorus},
	url = {https://linkinghub.elsevier.com/retrieve/pii/0032063376901197},
	doi = {10.1016/0032-0633(76)90119-7},
	number = {11},
	urldate = {2021-12-17},
	journal = {Planetary and Space Science},
	author = {Burtis, W.J. and Helliwell, R.A.},
	month = nov,
	year = {1976},
	pages = {1007--1024},
}

@article{nunn_numerical_1990,
	title = {The numerical simulation of {VLF} nonlinear wave-particle interactions in collision-free plasmas using the {Vlasov} hybrid simulation technique},
	volume = {60},
	issn = {00104655},
	url = {https://linkinghub.elsevier.com/retrieve/pii/001046559090074B},
	doi = {10.1016/0010-4655(90)90074-B},
	number = {1},
	urldate = {2021-12-18},
	journal = {Computer Physics Communications},
	author = {Nunn, D.},
	month = aug,
	year = {1990},
	pages = {1--25},
}

@article{hikishima_full_2009,
	title = {Full particle simulation of whistler-mode rising chorus emissions in the magnetosphere},
	volume = {114},
	issn = {2156-2202},
	url = {https://onlinelibrary.wiley.com/doi/abs/10.1029/2008JA013625},
	doi = {10.1029/2008JA013625},
	number = {A1},
	urldate = {2021-12-18},
	journal = {Journal of Geophysical Research: Space Physics},
	author = {Hikishima, M. and Yagitani, S. and Omura, Y. and Nagano, I.},
	year = {2009},
}

@article{chen1994a,
  title = {Theory of Magnetohydrodynamic Instabilities Excited by Energetic Particles in Tokamaks*},
  author = {Chen, Liu},
  year = {1994},
  month = may,
  journal = {Physics of Plasmas},
  volume = {1},
  number = {5},
  pages = {1519--1522},
  issn = {1070-664X, 1089-7674},
  doi = {10.1063/1.870702},
  url = {https://pubs.aip.org/aip/pop/article/1/5/1519-1522/104485},
  urldate = {2023-10-09},
}

@article{fujiwara2023,
  title = {Triggering of {{Whistler}}-{{Mode Rising}} and {{Falling Tone Emissions}} in a {{Homogeneous Magnetic Field}}},
  author = {Fujiwara, Yuya and Omura, Yoshiharu and Nogi, Takeshi},
  year = {2023},
  month = feb,
  journal = {JGR Space Physics},
  volume = {128},
  number = {2},
  pages = {e2022JA030967},
  issn = {2169-9380, 2169-9402},
  doi = {10.1029/2022JA030967},
  url = {https://agupubs.onlinelibrary.wiley.com/doi/10.1029/2022JA030967},
  urldate = {2023-05-26}
}

@article{nogi2022,
  title = {Nonlinear {{Signatures}} of {{VLF}}-{{Triggered Emissions}}: {{A Simulation Study}}},
  shorttitle = {Nonlinear {{Signatures}} of {{VLF}}-{{Triggered Emissions}}},
  author = {Nogi, Takeshi and Omura, Yoshiharu},
  year = {2022},
  month = jan,
  journal = {JGR Space Physics},
  volume = {127},
  number = {1},
  pages = {e2021JA029826},
  issn = {2169-9380, 2169-9402},
  doi = {10.1029/2021JA029826},
  url = {https://agupubs.onlinelibrary.wiley.com/doi/10.1029/2021JA029826},
  urldate = {2023-09-14}
}

@article{nogi2023,
  title = {Upstream {{Shift}} of {{Generation Region}} of {{Whistler}}-{{Mode Rising}}-{{Tone Emissions}} in the {{Magnetosphere}}},
  author = {Nogi, Takeshi and Omura, Yoshiharu},
  year = {2023},
  month = mar,
  journal = {JGR Space Physics},
  volume = {128},
  number = {3},
  pages = {e2022JA031024},
  issn = {2169-9380, 2169-9402},
  doi = {10.1029/2022JA031024},
  url = {https://agupubs.onlinelibrary.wiley.com/doi/10.1029/2022JA031024},
  urldate = {2023-05-26}
}

@article{teng2023,
  title = {Whistler-Mode Chorus Waves at {{Mars}}},
  author = {Teng, Shangchun and Wu, Yifan and Harada, Yuki and Bortnik, Jacob and Zonca, Fulvio and Chen, Liu and Tao, Xin},
  year = {2023},
  month = jun,
  journal = {Nat Commun},
  volume = {14},
  number = {1},
  pages = {3142},
  issn = {2041-1723},
  doi = {10.1038/s41467-023-38776-z},
  url = {https://www.nature.com/articles/s41467-023-38776-z},
  urldate = {2023-06-07},
}
@article{zhang2021,
  title = {Fine {{Structure}} of {{Chorus Wave Packets}}: {{Comparison Between Observations}} and {{Wave Generation Models}}},
  shorttitle = {Fine {{Structure}} of {{Chorus Wave Packets}}},
  author = {Zhang, X.-J. and Demekhov, A. G. and Katoh, Y. and Nunn, D. and Tao, X. and Mourenas, D. and Omura, Y. and Artemyev, A. V. and Angelopoulos, V.},
  year = {2021},
  journal = {J. Geophys. Res. Space Phys.},
  volume = {126},
  number = {8},
  pages = {e2021JA029330},
  issn = {2169-9402},
  doi = {10.1029/2021JA029330},
  url = {https://onlinelibrary.wiley.com/doi/abs/10.1029/2021JA029330},
  urldate = {2022-11-18},
}

@article{zheng2024,
  title = {A {{Hamiltonian}} Theory for Nonlinear Resonant Wave--Particle Interaction in Weakly Inhomogeneous Magnetic Field},
  author = {Zheng, Jiangshan and Wang, Ge and Li, Bo},
  year = {2024},
  month = apr,
  journal = {Phys. Plasmas},
  volume = {31},
  number = {4},
  pages = {042104},
  issn = {1070-664X, 1089-7674},
  doi = {10.1063/5.0188761},
  url = {https://pubs.aip.org/pop/article/31/4/042104/3280711/A-Hamiltonian-theory-for-nonlinear-resonant-wave},
  urldate = {2024-04-09},
  keywords = {/unread}
}

@article{zheng2023b,
  title =  {A hybrid Eulerian-Lagrangian Vlasov method for nonlinear wave-particle interaction in weakly inhomogeneous magnetic field},
  author = {Zheng, Jiangshan and Wang, Ge and Li, Bo},
  year = {2023},
  month = oct,
  journal = {submitted to Computer Physics Communications},
}

@article{summers2012,
  title = {Nonlinear Spatiotemporal Evolution of Whistler Mode Chorus Waves in {{Earth}}'s Inner Magnetosphere: {{SPATIOTEMPORAL EVOLUTION OF CHORUS}}},
  shorttitle = {Nonlinear Spatiotemporal Evolution of Whistler Mode Chorus Waves in {{Earth}}'s Inner Magnetosphere},
  author = {Summers, Danny and Omura, Yoshiharu and Miyashita, Yu and Lee, Dong-Hun},
  year = {2012},
  month = sep,
  journal = {J. Geophys. Res.},
  volume = {117},
  number = {A9},
  pages = {n/a-n/a},
  issn = {01480227},
  doi = {10.1029/2012JA017842},
  url = {http://doi.wiley.com/10.1029/2012JA017842},
  urldate = {2022-07-29},
}

%from prl
@article{an2016,
  title = {Resonant Excitation of Whistler Waves by a Helical Electron Beam},
  author = {An, X. and Van Compernolle, B. and Bortnik, J. and Thorne, R. M. and Chen, L. and Li, W.},
  year = {2016},
  month = mar,
  journal = {Geophysical Research Letters},
  volume = {43},
  number = {6},
  pages = {2413--2421},
  issn = {0094-8276, 1944-8007},
  doi = {10.1002/2015GL067126},
  url = {https://onlinelibrary.wiley.com/doi/10.1002/2015GL067126},
  urldate = {2022-07-29},
}

@article{berk1990b,
  title = {Saturation of a Single Mode Driven by an Energetic Injected Beam. {{III}}. {{Alfv\'en}} Wave Problem},
  author = {Berk, H. L. and Breizman, B. N.},
  year = {1990},
  month = sep,
  journal = {Physics of Fluids B: Plasma Physics},
  volume = {2},
  number = {9},
  pages = {2246--2252},
  issn = {0899-8221},
  doi = {10.1063/1.859406},
  url = {http://aip.scitation.org/doi/10.1063/1.859406},
  urldate = {2022-06-12}
}

@article{berk1990a,
  title = {Saturation of a Single Mode Driven by an Energetic Injected Beam. {{II}}. {{Electrostatic}} ``Universal'' Destabilization Mechanism},
  author = {Berk, H. L. and Breizman, B. N.},
  year = {1990},
  month = sep,
  journal = {Physics of Fluids B: Plasma Physics},
  volume = {2},
  number = {9},
  pages = {2235--2245},
  issn = {0899-8221},
  doi = {10.1063/1.859405},
  url = {http://aip.scitation.org/doi/10.1063/1.859405},
  urldate = {2022-06-12}
}

@article{berk1990,
  title = {Saturation of a Single Mode Driven by an Energetic Injected Beam. {{I}}. {{Plasma}} Wave Problem},
  author = {Berk, H. L. and Breizman, B. N.},
  year = {1990},
  month = sep,
  journal = {Physics of Fluids B: Plasma Physics},
  volume = {2},
  number = {9},
  pages = {2226--2234},
  issn = {0899-8221},
  doi = {10.1063/1.859404},
  url = {http://aip.scitation.org/doi/10.1063/1.859404},
  urldate = {2022-06-12}
}

@article{berk1996,
  title = {Nonlinear Dynamics of a Driven Mode near Marginal Stability},
  author = {Berk, H. L. and Breizman, B. N. and Pekker, M.},
  journal = {Phys. Rev. Lett.},
  volume = {76},
  issue = {8},
  pages = {1256--1259},
  numpages = {0},
  year = {1996},
  month = {Feb},
  publisher = {American Physical Society},
  doi = {10.1103/PhysRevLett.76.1256},
  url = {https://link.aps.org/doi/10.1103/PhysRevLett.76.1256}
}

@article{berk1997,
  title = {Spontaneous Hole-Clump Pair Creation in Weakly Unstable Plasmas},
  author = {Berk, H L and Breizman, B N and Petviashvili, N V},
  year = {1997},
  journal = {Physics Letters A},
  pages = {8},
  doi = {10.1016/S0375-9601(97)00523-9}
}

@article{berk1999,
  title = {Spontaneous Hole\textendash Clump Pair Creation},
  author = {Berk, H. L. and Breizman, B. N. and Candy, J. and Pekker, M. and Petviashvili, N. V.},
  year = {1999},
  month = aug,
  journal = {Physics of Plasmas},
  volume = {6},
  number = {8},
  pages = {3102--3113},
  issn = {1070-664X, 1089-7674},
  doi = {10.1063/1.873550},
  url = {http://aip.scitation.org/doi/10.1063/1.873550},
  urldate = {2022-02-11}
}

@article{bernstein1957,
  title = {Exact {{Nonlinear Plasma Oscillations}}},
  author = {Bernstein, Ira B. and Greene, John M. and Kruskal, Martin D.},
  year = {1957},
  month = nov,
  journal = {Physical Review},
  volume = {108},
  number = {3},
  pages = {546--550},
  issn = {0031-899X},
  doi = {10.1103/PhysRev.108.546},
  url = {https://link.aps.org/doi/10.1103/PhysRev.108.546},
  urldate = {2022-07-09}
}

@article{brizard2007,
  title = {Foundations of Nonlinear Gyrokinetic Theory},
  author = {Brizard, A. J. and Hahm, T. S.},
  year = {2007},
  month = apr,
  journal = {Reviews of Modern Physics},
  volume = {79},
  number = {2},
  pages = {421--468},
  issn = {0034-6861, 1539-0756},
  doi = {10.1103/RevModPhys.79.421},
  url = {https://link.aps.org/doi/10.1103/RevModPhys.79.421},
  urldate = {2022-08-03}
}

@article{dewar1973,
  title = {Saturation of Kinetic Plasma Instabilities by Particle Trapping},
  author = {Dewar, R. L.},
  year = {1973},
  journal = {Physics of Fluids},
  volume = {16},
  number = {3},
  pages = {431},
  issn = {00319171},
  doi = {10.1063/1.1694358},
  url = {https://aip.scitation.org/doi/10.1063/1.1694358},
  urldate = {2022-08-08}
}

@article{dicke1954,
  title = {Coherence in {{Spontaneous Radiation Processes}}},
  author = {Dicke, R. H.},
  year = {1954},
  month = jan,
  journal = {Physical Review},
  volume = {93},
  number = {1},
  pages = {99--110},
  issn = {0031-899X},
  doi = {10.1103/PhysRev.93.99},
  url = {https://link.aps.org/doi/10.1103/PhysRev.93.99},
  urldate = {2022-04-14}
}

@article{fasoli2007,
  title = {Chapter 5: {{Physics}} of Energetic Ions},
  shorttitle = {Chapter 5},
  author = {Fasoli, A. and Gormenzano, C. and Berk, H. L. and Breizman, B. and Briguglio, S. and Darrow, D. S. and Gorelenkov, N. and Heidbrink, W. W. and Jaun, A. and Konovalov, S. V. and Nazikian, R. and Noterdaeme, J.-M. and Sharapov, S. and Shinohara, K. and Testa, D. and Tobita, K. and Todo, Y. and Vlad, G. and Zonca, F.},
  year = {2007},
  month = jun,
  journal = {Nuclear Fusion},
  volume = {47},
  number = {6},
  pages = {S264--S284},
  publisher = {{IOP Publishing}},
  issn = {0029-5515},
  doi = {10.1088/0029-5515/47/6/S05},
  url = {https://doi.org/10.1088/0029-5515/47/6/s05},
  urldate = {2022-07-02}
}

@article{gao2014a,
  title = {New Evidence for Generation Mechanisms of Discrete and Hiss-like Whistler Mode Waves},
  author = {Gao, Xinliang and Li, Wen and Thorne, Richard M. and Bortnik, Jacob and Angelopoulos, Vassilis and Lu, Quanming and Tao, Xin and Wang, Shui},
  year = {2014},
  month = jul,
  journal = {Geophysical Research Letters},
  volume = {41},
  number = {14},
  pages = {4805--4811},
  issn = {0094-8276, 1944-8007},
  doi = {10.1002/2014GL060707},
  url = {https://onlinelibrary.wiley.com/doi/10.1002/2014GL060707},
  urldate = {2022-07-29},
}

@article{hashimoto1976,
  title = {Temperature Anisotropy and Beam Type Whistler Instabilities},
  author = {Hashimoto, Kozo and Matsumoto, Hiroshi},
  year = {1976},
  journal = {Physics of Fluids},
  volume = {19},
  number = {10},
  pages = {1507},
  issn = {00319171},
  doi = {10.1063/1.861342},
  url = {https://aip.scitation.org/doi/10.1063/1.861342},
  urldate = {2022-08-08}
}

@article{imadera2009,
  title = {A Numerical Method for Solving the {{Vlasov}}\textendash{{Poisson}} Equation Based on the Conservative {{IDO}} Scheme},
  author = {Imadera, Kenji and Kishimoto, Yasuaki and Saito, Daisuke and Li, Jiquan and Utsumi, Takayuki},
  year = {2009},
  month = dec,
  journal = {Journal of Computational Physics},
  volume = {228},
  number = {23},
  pages = {8919--8943},
  issn = {00219991},
  doi = {10.1016/j.jcp.2009.09.008},
  url = {https://linkinghub.elsevier.com/retrieve/pii/S0021999109004938},
  urldate = {2021-12-18}
}

@article{karpman1974,
  title = {Nonlinear Theory of a Quasi-Monochromatic Whistler Mode Packet in Inhomogeneous Plasma},
  author = {Karpman, V I and Istomin, Ja N and Shklyar, D R},
  year = {1974},
  month = aug,
  journal = {Plasma Physics},
  volume = {16},
  number = {8},
  pages = {685--703},
  issn = {0032-1028},
  doi = {10.1088/0032-1028/16/8/001},
  url = {https://iopscience.iop.org/article/10.1088/0032-1028/16/8/001},
  urldate = {2022-08-08}
}

@article{kasahara2018,
  title = {Pulsating Aurora from Electron Scattering by Chorus Waves},
  author = {Kasahara, S. and Miyoshi, Y. and Yokota, S. and Mitani, T. and Kasahara, Y. and Matsuda, S. and Kumamoto, A. and Matsuoka, A. and Kazama, Y. and Frey, H. U. and Angelopoulos, V. and Kurita, S. and Keika, K. and Seki, K. and Shinohara, I.},
  year = {2018},
  month = feb,
  journal = {Nature},
  volume = {554},
  number = {7692},
  pages = {337--340},
  issn = {0028-0836, 1476-4687},
  doi = {10.1038/nature25505},
  url = {http://www.nature.com/articles/nature25505},
  urldate = {2021-12-17}
}

@article{katoh2016,
  title = {Electron Hybrid Code Simulation of Whistler-Mode Chorus Generation with Real Parameters in the {{Earth}}'s Inner Magnetosphere},
  author = {Katoh, Yuto and Omura, Yoshiharu},
  year = {2016},
  month = dec,
  journal = {Earth, Planets and Space},
  volume = {68},
  number = {1},
  pages = {192},
  issn = {1880-5981},
  doi = {10.1186/s40623-016-0568-0},
  url = {http://earth-planets-space.springeropen.com/articles/10.1186/s40623-016-0568-0},
  urldate = {2022-04-02}
}

@article{kennel1966,
  title = {Limit on Stably Trapped Particle Fluxes},
  author = {Kennel, C. F. and Petschek, H. E.},
  year = {1966},
  month = jan,
  journal = {Journal of Geophysical Research},
  volume = {71},
  number = {1},
  pages = {1--28},
  issn = {01480227},
  doi = {10.1029/JZ071i001p00001},
  url = {http://doi.wiley.com/10.1029/JZ071i001p00001},
  urldate = {2022-08-08}
}

@article{lesur2009,
  title = {Fully Nonlinear Features of the Energetic Beam-Driven Instability},
  author = {Lesur, M. and Idomura, Y. and Garbet, X.},
  year = {2009},
  month = sep,
  journal = {Physics of Plasmas},
  volume = {16},
  number = {9},
  pages = {092305},
  issn = {1070-664X, 1089-7674},
  doi = {10.1063/1.3234249},
  url = {http://aip.scitation.org/doi/10.1063/1.3234249},
  urldate = {2022-06-10},
}

@article{lilley2010,
  title = {Effect of Dynamical Friction on Nonlinear Energetic Particle Modes},
  author = {Lilley, M. K. and Breizman, B. N. and Sharapov, S. E.},
  year = {2010},
  month = sep,
  journal = {Physics of Plasmas},
  volume = {17},
  number = {9},
  pages = {092305},
  issn = {1070-664X, 1089-7674},
  doi = {10.1063/1.3486535},
  url = {http://aip.scitation.org/doi/10.1063/1.3486535},
  urldate = {2022-07-14}
}

@article{lilley2014a,
  title = {Formation of {{Phase Space Holes}} and {{Clumps}}},
  author = {Lilley, M. K. and Nyqvist, R. M.},
  year = {2014},
  month = apr,
  journal = {Physical Review Letters},
  volume = {112},
  number = {15},
  pages = {155002},
  issn = {0031-9007, 1079-7114},
  doi = {10.1103/PhysRevLett.112.155002},
  url = {https://link.aps.org/doi/10.1103/PhysRevLett.112.155002},
  urldate = {2021-12-15}
}

@article{omura2008,
  title = {Theory and Simulation of the Generation of Whistler-Mode Chorus},
  author = {Omura, Yoshiharu and Katoh, Yuto and Summers, Danny},
  year = {2008},
  journal = {Journal of Geophysical Research: Space Physics},
  volume = {113},
  number = {A4},
  issn = {2156-2202},
  doi = {10.1029/2007JA012622},
  url = {https://onlinelibrary.wiley.com/doi/abs/10.1029/2007JA012622},
  urldate = {2021-12-14},
}

@article{oneil1971,
  title = {Nonlinear {{Interaction}} of a {{Small Cold Beam}} and a {{Plasma}}},
  author = {O'Neil, T. M.},
  year = {1971},
  journal = {Physics of Fluids},
  volume = {14},
  number = {6},
  pages = {1204},
  issn = {00319171},
  doi = {10.1063/1.1693587},
  url = {https://aip.scitation.org/doi/10.1063/1.1693587},
  urldate = {2022-07-12}
}

@article{oneil1972,
  title = {Nonlinear {{Interaction}} of a {{Small Cold Beam}} and a {{Plasma}}. {{Part II}}},
  author = {O'Neil, T. M.},
  year = {1972},
  journal = {Physics of Fluids},
  volume = {15},
  number = {8},
  pages = {1514},
  issn = {00319171},
  doi = {10.1063/1.1694117},
  url = {https://aip.scitation.org/doi/10.1063/1.1694117},
  urldate = {2022-07-12}
}

@article{reeves2013,
  title = {Electron {{Acceleration}} in the {{Heart}} of the {{Van Allen Radiation Belts}}},
  author = {Reeves, G. D. and Spence, H. E. and Henderson, M. G. and Morley, S. K. and Friedel, R. H. W. and Funsten, H. O. and Baker, D. N. and Kanekal, S. G. and Blake, J. B. and Fennell, J. F. and Claudepierre, S. G. and Thorne, R. M. and Turner, D. L. and Kletzing, C. A. and Kurth, W. S. and Larsen, B. A. and Niehof, J. T.},
  year = {2013},
  month = aug,
  journal = {Science},
  volume = {341},
  number = {6149},
  pages = {991--994},
  issn = {0036-8075, 1095-9203},
  doi = {10.1126/science.1237743},
  url = {https://www.science.org/doi/10.1126/science.1237743},
  urldate = {2021-12-17}
}

@article{soto-chavez2012,
  title = {Chorus Wave Amplification: {{A}} Free Electron Laser in the {{Earth}}'s Magnetosphere},
  author = {{Soto-Chavez}, A. R. and Bhattacharjee, A. and Ng, C. S.},
  year = {2012},
  month = jan,
  journal = {Physics of Plasmas},
  volume = {19},
  number = {1},
  pages = {010701},
  issn = {1070-664X, 1089-7674},
  doi = {10.1063/1.3676157},
  url = {http://aip.scitation.org/doi/10.1063/1.3676157},
  urldate = {2022-06-05}
}

@article{tao2020,
  title = {Theoretical and Numerical Studies of Chorus Waves: {{A}} Review},
  author = {Tao, Xin and Zonca, Fulvio and Chen, Liu and Wu, Yifan},
  year = {2020},
  month = jan,
  journal = {Science China Earth Sciences},
  volume = {63},
  number = {1},
  pages = {78--92},
  issn = {1674-7313, 1869-1897},
  doi = {10.1007/s11430-019-9384-6},
  url = {http://link.springer.com/10.1007/s11430-019-9384-6},
  urldate = {2021-12-14}
}

@article{tejero2016,
  title = {Experimental Characterization of Nonlinear Processes of Whistler Branch Waves},
  author = {Tejero, E. M. and Crabtree, C. and Blackwell, D. D. and Amatucci, W. E. and Ganguli, G. and Rudakov, L.},
  year = {2016},
  month = may,
  journal = {Physics of Plasmas},
  volume = {23},
  number = {5},
  pages = {055707},
  issn = {1070-664X, 1089-7674},
  doi = {10.1063/1.4946020},
  url = {http://aip.scitation.org/doi/10.1063/1.4946020},
  urldate = {2022-07-29},
}

@article{thorne2013,
  title = {Rapid Local Acceleration of Relativistic Radiation-Belt Electrons by Magnetospheric Chorus},
  author = {Thorne, R. M. and Li, W. and Ni, B. and Ma, Q. and Bortnik, J. and Chen, L. and Baker, D. N. and Spence, H. E. and Reeves, G. D. and Henderson, M. G. and Kletzing, C. A. and Kurth, W. S. and Hospodarsky, G. B. and Blake, J. B. and Fennell, J. F. and Claudepierre, S. G. and Kanekal, S. G.},
  year = {2013},
  month = dec,
  journal = {Nature},
  volume = {504},
  number = {7480},
  pages = {411--414},
  issn = {0028-0836, 1476-4687},
  doi = {10.1038/nature12889},
  url = {http://www.nature.com/articles/nature12889},
  urldate = {2021-12-17}
}

@article{tsurutani1974,
  title = {Postmidnight Chorus: {{A}} Substorm Phenomenon},
  shorttitle = {Postmidnight Chorus},
  author = {Tsurutani, Bruce T. and Smith, Edward J.},
  year = {1974},
  journal = {Journal of Geophysical Research (1896-1977)},
  volume = {79},
  number = {1},
  pages = {118--127},
  issn = {2156-2202},
  doi = {10.1029/JA079i001p00118},
  url = {https://onlinelibrary.wiley.com/doi/abs/10.1029/JA079i001p00118},
  urldate = {2021-12-17}
}

@article{vancompernolle2015,
  title = {Excitation of {{Chirping Whistler Waves}} in a {{Laboratory Plasma}}},
  author = {Van Compernolle, B. and An, X. and Bortnik, J. and Thorne, R. M. and Pribyl, P. and Gekelman, W.},
  year = {2015},
  month = jun,
  journal = {Physical Review Letters},
  volume = {114},
  number = {24},
  pages = {245002},
  issn = {0031-9007, 1079-7114},
  doi = {10.1103/PhysRevLett.114.245002},
  url = {https://link.aps.org/doi/10.1103/PhysRevLett.114.245002},
  urldate = {2021-12-14}
}

@article{vancompernolle2017a,
  title = {Laboratory Simulation of Magnetospheric Chorus Wave Generation},
  author = {Van Compernolle, B and An, X and Bortnik, J and Thorne, R M and Pribyl, P and Gekelman, W},
  year = {2017},
  month = jan,
  journal = {Plasma Physics and Controlled Fusion},
  volume = {59},
  number = {1},
  pages = {014016},
  issn = {0741-3335, 1361-6587},
  doi = {10.1088/0741-3335/59/1/014016},
  url = {https://iopscience.iop.org/article/10.1088/0741-3335/59/1/014016},
  urldate = {2022-07-29},
}

@article{wu2019,
  title = {Saturation {{Properties}} of {{Whistler Wave Instability}} in a {{Plasma With Two Electron Components}}},
  author = {Wu, Yifan and Tao, Xin and Lu, Quanming and Wang, Shui},
  year = {2019},
  month = jul,
  journal = {Journal of Geophysical Research: Space Physics},
  volume = {124},
  number = {7},
  pages = {5121--5128},
  issn = {2169-9380, 2169-9402},
  doi = {10.1029/2019JA026752},
  url = {https://onlinelibrary.wiley.com/doi/10.1029/2019JA026752},
  urldate = {2022-07-29}
}

@article{wu2020,
  title = {Controlling the {{Chirping}} of {{Chorus Waves}} via {{Magnetic Field Inhomogeneity}}},
  author = {Wu, Yifan and Tao, Xin and Zonca, Fulvio and Chen, Liu and Wang, Shui},
  year = {2020},
  month = may,
  journal = {Geophysical Research Letters},
  volume = {47},
  number = {10},
  issn = {0094-8276, 1944-8007},
  doi = {10.1029/2020GL087791},
  url = {https://onlinelibrary.wiley.com/doi/10.1029/2020GL087791},
  urldate = {2021-12-14}
}

@article{zonca2015,
  title = {Nonlinear Dynamics of Phase Space Zonal Structures and Energetic Particle Physics in Fusion Plasmas},
  author = {Zonca, F and Chen, L and Briguglio, S and Fogaccia, G and Vlad, G and Wang, X},
  year = {2015},
  month = jan,
  journal = {New Journal of Physics},
  volume = {17},
  number = {1},
  pages = {013052},
  issn = {1367-2630},
  doi = {10.1088/1367-2630/17/1/013052},
  url = {https://iopscience.iop.org/article/10.1088/1367-2630/17/1/013052},
  urldate = {2021-12-14}
}

@article{zonca2021,
  title = {Nonlinear Dynamics and Phase Space Transport by Chorus Emission},
  author = {Zonca, Fulvio and Tao, Xin and Chen, Liu},
  year = {2021},
  month = dec,
  journal = {Reviews of Modern Plasma Physics},
  volume = {5},
  number = {1},
  pages = {8},
  issn = {2367-3192},
  doi = {10.1007/s41614-021-00057-x},
  url = {https://link.springer.com/10.1007/s41614-021-00057-x},
  urldate = {2021-12-14}
}


@article{wang2013,
  title = {Hole-{{Clump Pair Creation}} in the {{Evolution}} of {{Energetic-Particle-Driven Geodesic Acoustic Modes}}},
  author = {Wang, Hao and Todo, Yasushi and Kim, Charlson C.},
  year = {2013},
  month = apr,
  journal = {Physical Review Letters},
  volume = {110},
  number = {15},
  pages = {155006},
  issn = {0031-9007, 1079-7114},
  doi = {10.1103/PhysRevLett.110.155006},
  url = {https://link.aps.org/doi/10.1103/PhysRevLett.110.155006},
  urldate = {2022-09-02}
}

@article{zonca2022,
  title = {A {{Theoretical Framework}} of {{Chorus Wave Excitation}}},
  author = {Zonca, F. and Tao, X. and Chen, L.},
  year = {2022},
  month = feb,
  journal = {Journal of Geophysical Research: Space Physics},
  volume = {127},
  number = {2},
  issn = {2169-9380, 2169-9402},
  doi = {10.1029/2021JA029760},
  url = {https://onlinelibrary.wiley.com/doi/10.1029/2021JA029760},
  urldate = {2022-03-22}
}

@article{hezaveh2020,
  title = {Long Range Frequency Chirping of {{Alfv\'en}} Eigenmodes},
  author = {Hezaveh, H. and Qu, Z. S. and Breizman, B. N. and Hole, M. J.},
  year = {2020},
  month = may,
  journal = {Nuclear Fusion},
  volume = {60},
  number = {5},
  pages = {056014},
  issn = {0029-5515, 1741-4326},
  doi = {10.1088/1741-4326/ab7d18},
  url = {https://iopscience.iop.org/article/10.1088/1741-4326/ab7d18},
  urldate = {2022-11-03}
}

@article{hezaveh2021,
  title = {Theoretical Description of Chirping Waves Using Phase-Space Waterbags},
  author = {Hezaveh, H and Qu, Z S and Hole, M J and Dewar, R L},
  year = {2021},
  month = jun,
  journal = {Plasma Physics and Controlled Fusion},
  volume = {63},
  number = {6},
  pages = {065008},
  issn = {0741-3335, 1361-6587},
  doi = {10.1088/1361-6587/abf574},
  url = {https://iopscience.iop.org/article/10.1088/1361-6587/abf574},
  urldate = {2022-04-05}
}



@article{sigsbee2010,
  title = {Locations of Chorus Emissions Observed by the {{Polar Plasma Wave Instrument}}},
  author = {Sigsbee, K. and Menietti, J. D. and Santol{\'i}k, O. and Pickett, J. S.},
  year = {2010},
  month = jun,
  journal = {Journal of Geophysical Research: Space Physics},
  volume = {115},
  number = {A6},
  issn = {01480227},
  doi = {10.1029/2009JA014579},
  url = {http://doi.wiley.com/10.1029/2009JA014579},
  urldate = {2022-11-17}
}


%subpackets
@article{crabtree2017,
  title = {Bayesian Spectral Analysis of Chorus Subelements from the {{Van Allen Probes}}},
  author = {Crabtree, Chris and Tejero, Erik and Ganguli, Gurudas and Hospodarsky, George B. and Kletzing, Craig A.},
  year = {2017},
  journal = {Journal of Geophysical Research: Space Physics},
  volume = {122},
  number = {6},
  pages = {6088--6106},
  issn = {2169-9402},
  doi = {10.1002/2016JA023547},
  url = {https://onlinelibrary.wiley.com/doi/abs/10.1002/2016JA023547},
  urldate = {2022-11-18},
}

@article{foster2021,
  title = {Subpacket Structure in Strong {{VLF}} Chorus Rising Tones},
  author = {Foster, John C. and Erickson, Philip J. and Omura, Yoshiharu},
  year = {2021},
  journal = {Earth, Planets, and Space},
  volume = {73},
  number = {1},
  pages = {140},
  issn = {1343-8832},
  doi = {10.1186/s40623-021-01467-4},
  url = {https://www.ncbi.nlm.nih.gov/pmc/articles/PMC8550140/},
  urldate = {2022-11-11},
  pmcid = {PMC8550140},
  pmid = {34720649}
}

@article{mourenas2022,
  title = {Short {{Chorus Wave Packets}}},
  author = {Mourenas, D. and Zhang, X.-J. and Nunn, D. and Artemyev, A. V. and Angelopoulos, V. and Tsai, E. and Wilkins, C.},
  year = {2022},
  month = may,
  journal = {Journal of Geophysical Research: Space Physics},
  volume = {127},
  number = {5},
  issn = {2169-9380, 2169-9402},
  doi = {10.1029/2022JA030310},
  url = {https://onlinelibrary.wiley.com/doi/10.1029/2022JA030310},
  urldate = {2022-11-11}
}

@article{nunn2021,
  title = {Generation of {{Realistic Short Chorus Wave Packets}}},
  author = {Nunn, D. and Zhang, X.-J. and Mourenas, D. and Artemyev, A. V.},
  year = {2021},
  journal = {Geophysical Research Letters},
  volume = {48},
  number = {7},
  pages = {e2020GL092178},
  issn = {1944-8007},
  doi = {10.1029/2020GL092178},
  url = {https://onlinelibrary.wiley.com/doi/abs/10.1029/2020GL092178},
  urldate = {2022-11-18},
}

@article{santolik2004,
  title = {A Microscopic and Nanoscopic View of Storm-Time Chorus on 31 {{March}} 2001},
  author = {Santol{\'i}k, O. and Gurnett, D. A. and Pickett, J. S. and Parrot, M. and {Cornilleau-Wehrlin}, N.},
  year = {2004},
  month = jan,
  journal = {Geophysical Research Letters},
  volume = {31},
  number = {2},
  issn = {00948276},
  doi = {10.1029/2003GL018757},
  url = {http://doi.wiley.com/10.1029/2003GL018757},
  urldate = {2022-11-19}
}


@article{omura1991,
  title = {A Review of Observational, Theoretical and Numerical Studies of {{VLF}} Triggered Emissions},
  author = {Omura, Y. and Nunn, D. and Matsumoto, H. and Rycroft, M.J.},
  year = {1991},
  journal = {Journal of Atmospheric and Terrestrial Physics},
  volume = {53},
  number = {5},
  pages = {351--368},
  issn = {0021-9169},
  doi = {10.1016/0021-9169(91)90031-2},
  url = {https://www.sciencedirect.com/science/article/pii/0021916991900312}
}


@article{tao2012,
  title = {Comparison between Theory and Observation of the Frequency Sweep Rates of Equatorial Rising Tone Chorus},
  author = {Tao, X. and Li, W. and Bortnik, J. and Thorne, R. M. and Angelopoulos, V.},
  year = {2012},
  month = apr,
  journal = {Geophysical Research Letters},
  volume = {39},
  number = {8},
  issn = {00948276},
  doi = {10.1029/2012GL051413},
  url = {http://doi.wiley.com/10.1029/2012GL051413},
  urldate = {2021-12-14}
}
@article{albert1993,
  title = {Cyclotron Resonance in an Inhomogeneous Magnetic Field},
  author = {Albert, Jay M},
  year = {1993},
  journal = {Physics of Fluids B: Plasma Physics},
  pages = {8},
  doi = {10.1063/1.860715},
  url = {https://aip.scitation.org/doi/10.1063/1.860715}
}
@article{tao2017a,
  title = {Investigations of the Electron Phase Space Dynamics in Triggered Whistler Wave Emissions Using Low Noise $\delta f$ Method},
  author = {Tao, Xin and Zonca, Fulvio and Chen, Liu},
  year = {2017},
  month = sep,
  journal = {Plasma Physics and Controlled Fusion},
  volume = {59},
  number = {9},
  pages = {094001},
  issn = {0741-3335, 1361-6587},
  doi = {10.1088/1361-6587/aa759a},
  url = {https://iopscience.iop.org/article/10.1088/1361-6587/aa759a},
  urldate = {2022-03-22}
}

@article{tao2017b,
  title = {Identify the Nonlinear Wave-particle Interaction Regime in Rising Tone Chorus Generation},
  author = {Tao, Xin and Zonca, Fulvio and Chen, Liu},
  year = {2017},
  month = apr,
  journal = {Geophysical Research Letters},
  volume = {44},
  number = {8},
  pages = {3441--3446},
  issn = {0094-8276, 1944-8007},
  doi = {10.1002/2017GL072624},
  url = {https://onlinelibrary.wiley.com/doi/10.1002/2017GL072624},
  urldate = {2022-03-22}
}

@article{soto-chavez2014,
  title = {A Model for Falling-Tone Chorus},
  author = {{Soto-Chavez}, A. R. and Wang, G. and Bhattacharjee, A. and Fu, G. Y. and Smith, H. M.},
  year = {2014},
  month = mar,
  journal = {Geophysical Research Letters},
  volume = {41},
  number = {6},
  pages = {1838--1845},
  issn = {00948276},
  doi = {10.1002/2014GL059320},
  url = {http://doi.wiley.com/10.1002/2014GL059320},
  urldate = {2022-06-10}
}
@article{wang2022,
  title = {Simulations of Energetic Particle Driven Instabilities in {{CFQS}}},
  author = {Wang, Hao and Todo, Yasushi and Huang, Jie and Suzuki, Yasuhiro and Shimizu, Akihiro and Ogawa, Kunihiro and Wang, Xianqu and Adulsiriswad, Panith},
  year = {2022},
  month = oct,
  journal = {Nuclear Fusion},
  volume = {62},
  number = {10},
  pages = {106010},
  issn = {0029-5515, 1741-4326},
  doi = {10.1088/1741-4326/ac843a},
  url = {https://iopscience.iop.org/article/10.1088/1741-4326/ac843a},
  urldate = {2022-09-02}
}
@article{an2019,
  title = {Unified {{View}} of {{Nonlinear Wave Structures Associated}} with {{Whistler-Mode Chorus}}},
  author = {An, Xin and Li, Jinxing and Bortnik, Jacob and Decyk, Viktor and Kletzing, Craig and Hospodarsky, George},
  year = {2019},
  month = jan,
  journal = {Physical Review Letters},
  volume = {122},
  number = {4},
  pages = {045101},
  issn = {0031-9007, 1079-7114},
  doi = {10.1103/PhysRevLett.122.045101},
  url = {https://link.aps.org/doi/10.1103/PhysRevLett.122.045101},
  urldate = {2022-06-10},
}

@article{bortnik2009,
  title = {An {{Observation Linking}} the {{Origin}} of {{Plasmaspheric Hiss}} to {{Discrete Chorus Emissions}}},
  author = {Bortnik, J. and Li, W. and Thorne, R. M. and Angelopoulos, V. and Cully, C. and Bonnell, J. and Le Contel, O. and Roux, A.},
  year = {2009},
  month = may,
  journal = {Science},
  volume = {324},
  number = {5928},
  pages = {775--778},
  issn = {0036-8075, 1095-9203},
  doi = {10.1126/science.1171273},
  url = {https://www.science.org/doi/10.1126/science.1171273},
  urldate = {2023-03-02},
}

@article{li2019b,
  title = {Origin of Two-Band Chorus in the Radiation Belt of {{Earth}}},
  author = {Li, Jinxing and Bortnik, Jacob and An, Xin and Li, Wen and Angelopoulos, Vassilis and Thorne, Richard M. and Russell, Christopher T. and Ni, Binbin and Shen, Xiaochen and Kurth, William S. and Hospodarsky, George B. and Hartley, David P. and Funsten, Herbert O. and Spence, Harlan E. and Baker, Daniel N.},
  year = {2019},
  month = oct,
  journal = {Nature Communications},
  volume = {10},
  number = {1},
  pages = {4672},
  issn = {2041-1723},
  doi = {10.1038/s41467-019-12561-3},
  url = {https://www.nature.com/articles/s41467-019-12561-3},
  urldate = {2023-03-02},
}

@article{nishimura2010,
  title = {Identifying the {{Driver}} of {{Pulsating Aurora}}},
  author = {Nishimura, Y. and Bortnik, J. and Li, W. and Thorne, R. M. and Lyons, L. R. and Angelopoulos, V. and Mende, S. B. and Bonnell, J. W. and Le Contel, O. and Cully, C. and Ergun, R. and Auster, U.},
  year = {2010},
  month = oct,
  journal = {Science},
  volume = {330},
  number = {6000},
  pages = {81--84},
  issn = {0036-8075, 1095-9203},
  doi = {10.1126/science.1193186},
  url = {https://www.science.org/doi/10.1126/science.1193186},
  urldate = {2021-12-17},
}

%SVAP
@article{svap,
  author={Arecchi, F. and Bonifacio, R.},
  journal={IEEE Journal of Quantum Electronics}, 
  title={Theory of optical maser amplifiers}, 
  year={1965},
  volume={1},
  number={4},
  pages={169-178},
  doi={10.1109/JQE.1965.1072212}
  }



@article{brizard2007,
  title = {Foundations of Nonlinear Gyrokinetic Theory},
  author = {Brizard, A. J. and Hahm, T. S.},
  year = {2007},
  month = apr,
  journal = {Reviews of Modern Physics},
  volume = {79},
  number = {2},
  pages = {421--468},
  issn = {0034-6861, 1539-0756},
  doi = {10.1103/RevModPhys.79.421},
  url = {https://link.aps.org/doi/10.1103/RevModPhys.79.421},
  urldate = {2022-08-03}
}
%uniform cases
@article{lilley2009,
  title = {Destabilizing {{Effect}} of {{Dynamical Friction}} on {{Fast-Particle-Driven Waves}} in a {{Near-Threshold Nonlinear Regime}}},
  author = {Lilley, M. K. and Breizman, B. N. and Sharapov, S. E.},
  year = {2009},
  month = may,
  journal = {Physical Review Letters},
  volume = {102},
  number = {19},
  pages = {195003},
  issn = {0031-9007, 1079-7114},
  doi = {10.1103/PhysRevLett.102.195003},
  url = {https://link.aps.org/doi/10.1103/PhysRevLett.102.195003},
  urldate = {2022-07-09}
}
@article{breizman2010,
  title = {Nonlinear Travelling Waves in Energetic Particle Phase Space},
  author = {Breizman, Boris N.},
  year = {2010},
  month = aug,
  journal = {Nuclear Fusion},
  volume = {50},
  number = {8},
  pages = {084014},
  issn = {0029-5515, 1741-4326},
  doi = {10.1088/0029-5515/50/8/084014},
  url = {https://iopscience.iop.org/article/10.1088/0029-5515/50/8/084014},
  urldate = {2022-11-03}
}
@article{hezaveh2017,
  title = {Impact of Energetic Particle Orbits on Long Range Frequency Chirping of {{BGK}} Modes},
  author = {Hezaveh, H. and Qu, Z.S. and Layden, B. and Hole, M.J.},
  year = {2017},
  month = dec,
  journal = {Nuclear Fusion},
  volume = {57},
  number = {12},
  pages = {126010},
  issn = {0029-5515, 1741-4326},
  doi = {10.1088/1741-4326/aa80a9},
  url = {https://iopscience.iop.org/article/10.1088/1741-4326/aa80a9},
  urldate = {2022-11-03}
}

@article{dicke1954,
  title = {Coherence in {{Spontaneous Radiation Processes}}},
  author = {Dicke, R. H.},
  year = {1954},
  month = jan,
  journal = {Physical Review},
  volume = {93},
  number = {1},
  pages = {99--110},
  issn = {0031-899X},
  doi = {10.1103/PhysRev.93.99},
  url = {https://link.aps.org/doi/10.1103/PhysRev.93.99},
  urldate = {2022-04-14}
}

@article{imadera2009,
  title = {A Numerical Method for Solving the {{Vlasov}}\textendash{{Poisson}} Equation Based on the Conservative {{IDO}} Scheme},
  author = {Imadera, Kenji and Kishimoto, Yasuaki and Saito, Daisuke and Li, Jiquan and Utsumi, Takayuki},
  year = {2009},
  month = dec,
  journal = {Journal of Computational Physics},
  volume = {228},
  number = {23},
  pages = {8919--8943},
  issn = {00219991},
  doi = {10.1016/j.jcp.2009.09.008},
  url = {https://linkinghub.elsevier.com/retrieve/pii/S0021999109004938},
  urldate = {2021-12-18}
}

@article{kasahara2018,
  title = {Pulsating Aurora from Electron Scattering by Chorus Waves},
  author = {Kasahara, S. and Miyoshi, Y. and Yokota, S. and Mitani, T. and Kasahara, Y. and Matsuda, S. and Kumamoto, A. and Matsuoka, A. and Kazama, Y. and Frey, H. U. and Angelopoulos, V. and Kurita, S. and Keika, K. and Seki, K. and Shinohara, I.},
  year = {2018},
  month = feb,
  journal = {Nature},
  volume = {554},
  number = {7692},
  pages = {337--340},
  issn = {0028-0836, 1476-4687},
  doi = {10.1038/nature25505},
  url = {http://www.nature.com/articles/nature25505},
  urldate = {2021-12-17}
}

@article{reeves2013,
  title = {Electron {{Acceleration}} in the {{Heart}} of the {{Van Allen Radiation Belts}}},
  author = {Reeves, G. D. and Spence, H. E. and Henderson, M. G. and Morley, S. K. and Friedel, R. H. W. and Funsten, H. O. and Baker, D. N. and Kanekal, S. G. and Blake, J. B. and Fennell, J. F. and Claudepierre, S. G. and Thorne, R. M. and Turner, D. L. and Kletzing, C. A. and Kurth, W. S. and Larsen, B. A. and Niehof, J. T.},
  year = {2013},
  month = aug,
  journal = {Science},
  volume = {341},
  number = {6149},
  pages = {991--994},
  issn = {0036-8075, 1095-9203},
  doi = {10.1126/science.1237743},
  url = {https://www.science.org/doi/10.1126/science.1237743},
  urldate = {2021-12-17}
}

@article{tao2020,
  title = {Theoretical and Numerical Studies of Chorus Waves: {{A}} Review},
  shorttitle = {Theoretical and Numerical Studies of Chorus Waves},
  author = {Tao, Xin and Zonca, Fulvio and Chen, Liu and Wu, Yifan},
  year = {2020},
  month = jan,
  journal = {Science China Earth Sciences},
  volume = {63},
  number = {1},
  pages = {78--92},
  issn = {1674-7313, 1869-1897},
  doi = {10.1007/s11430-019-9384-6},
  url = {http://link.springer.com/10.1007/s11430-019-9384-6},
  urldate = {2021-12-14}
}

@article{thorne2013,
  title = {Rapid Local Acceleration of Relativistic Radiation-Belt Electrons by Magnetospheric Chorus},
  author = {Thorne, R. M. and Li, W. and Ni, B. and Ma, Q. and Bortnik, J. and Chen, L. and Baker, D. N. and Spence, H. E. and Reeves, G. D. and Henderson, M. G. and Kletzing, C. A. and Kurth, W. S. and Hospodarsky, G. B. and Blake, J. B. and Fennell, J. F. and Claudepierre, S. G. and Kanekal, S. G.},
  year = {2013},
  month = dec,
  journal = {Nature},
  volume = {504},
  number = {7480},
  pages = {411--414},
  issn = {0028-0836, 1476-4687},
  doi = {10.1038/nature12889},
  url = {http://www.nature.com/articles/nature12889},
  urldate = {2021-12-17}
}

@article{tsurutani1974,
  title = {Postmidnight Chorus: {{A}} Substorm Phenomenon},
  shorttitle = {Postmidnight Chorus},
  author = {Tsurutani, Bruce T. and Smith, Edward J.},
  year = {1974},
  journal = {Journal of Geophysical Research (1896-1977)},
  volume = {79},
  number = {1},
  pages = {118--127},
  issn = {2156-2202},
  doi = {10.1029/JA079i001p00118},
  url = {https://onlinelibrary.wiley.com/doi/abs/10.1029/JA079i001p00118},
  urldate = {2021-12-17}
}

@article{crouseilles2010,
  title = {Conservative Semi-{{Lagrangian}} Schemes for {{Vlasov}} Equations},
  author = {Crouseilles, Nicolas and Mehrenberger, Michel and Sonnendr{\"u}cker, Eric},
  year = {2010},
  month = mar,
  journal = {Journal of Computational Physics},
  volume = {229},
  number = {6},
  pages = {1927--1953},
  issn = {00219991},
  doi = {10.1016/j.jcp.2009.11.007},
  url = {https://linkinghub.elsevier.com/retrieve/pii/S0021999109006263},
  urldate = {2022-08-14}
}

@article{crouseilles2015,
  title = {Hamiltonian Splitting for the {{Vlasov}}\textendash{{Maxwell}} Equations},
  author = {Crouseilles, Nicolas and Einkemmer, Lukas and Faou, Erwan},
  year = {2015},
  month = feb,
  journal = {Journal of Computational Physics},
  volume = {283},
  pages = {224--240},
  issn = {00219991},
  doi = {10.1016/j.jcp.2014.11.029},
  url = {https://linkinghub.elsevier.com/retrieve/pii/S0021999114007918},
  urldate = {2022-08-14}
}

@article{dawson1983,
  title = {Particle Simulation of Plasmas},
  author = {Dawson, John M.},
  year = {1983},
  month = apr,
  journal = {Reviews of Modern Physics},
  volume = {55},
  number = {2},
  pages = {403--447},
  issn = {0034-6861},
  doi = {10.1103/RevModPhys.55.403},
  url = {https://link.aps.org/doi/10.1103/RevModPhys.55.403},
  urldate = {2022-08-14}
}

@article{holderied2020,
  title = {Structure-Preserving vs. Standard Particle-in-Cell Methods: {{The}} Case of an Electron Hybrid Model},
  shorttitle = {Structure-Preserving vs. Standard Particle-in-Cell Methods},
  author = {Holderied, Florian and Possanner, Stefan and Ratnani, Ahmed and Wang, Xin},
  year = {2020},
  month = feb,
  journal = {Journal of Computational Physics},
  volume = {402},
  pages = {109108},
  issn = {00219991},
  doi = {10.1016/j.jcp.2019.109108},
  url = {https://linkinghub.elsevier.com/retrieve/pii/S0021999119308137},
  urldate = {2022-08-12}
}

@article{lee1987,
  title = {Gyrokinetic Particle Simulation Model},
  author = {Lee, W. W},
  year = {1987},
  month = sep,
  journal = {Journal of Computational Physics},
  volume = {72},
  number = {1},
  pages = {243--269},
  issn = {0021-9991},
  doi = {10.1016/0021-9991(87)90080-5},
  url = {https://www.sciencedirect.com/science/article/pii/0021999187900805},
  urldate = {2022-08-12}
}



@article{yu2009,
  title = {Gyrocenter-Gauge Kinetic Algorithm for High Frequency Waves in Magnetized Plasmas},
  author = {Yu, Zhi and Qin, Hong},
  year = {2009},
  month = mar,
  journal = {Physics of Plasmas},
  volume = {16},
  number = {3},
  pages = {032507},
  issn = {1070-664X, 1089-7674},
  doi = {10.1063/1.3097266},
  url = {http://aip.scitation.org/doi/10.1063/1.3097266},
  urldate = {2022-08-12}
}


@article{li2019,
  title = {Solving the {{Vlasov}}\textendash{{Maxwell}} Equations Using {{Hamiltonian}} Splitting},
  author = {Li, Yingzhe and He, Yang and Sun, Yajuan and Niesen, Jitse and Qin, Hong and Liu, Jian},
  year = {2019},
  month = nov,
  journal = {Journal of Computational Physics},
  volume = {396},
  pages = {381--399},
  issn = {00219991},
  doi = {10.1016/j.jcp.2019.06.070},
  url = {https://linkinghub.elsevier.com/retrieve/pii/S0021999119304784},
  urldate = {2022-08-14}
}

@article{nunn1990,
  title = {The Numerical Simulation of {{VLF}} Nonlinear Wave-Particle Interactions in Collision-Free Plasmas Using the {{Vlasov}} Hybrid Simulation Technique},
  author = {Nunn, D.},
  year = {1990},
  month = aug,
  journal = {Computer Physics Communications},
  volume = {60},
  number = {1},
  pages = {1--25},
  issn = {00104655},
  doi = {10.1016/0010-4655(90)90074-B},
  url = {https://linkinghub.elsevier.com/retrieve/pii/001046559090074B},
  urldate = {2021-12-18}
}

%geo pic
@article{Xiao2015,
archivePrefix = {arXiv},
arxivId = {1510.06972},
author = {Xiao, Jianyuan and Qin, Hong and Liu, Jian and He, Yang and Zhang, Ruili and Sun, Yajuan},
doi = {10.1063/1.4935904},
issn = {10897674},
journal = {Physics of Plasmas},
number = {11},
title = {{Explicit high-order non-canonical symplectic particle-in-cell algorithms for Vlasov-Maxwell systems}},
volume = {22},
year = {2015}
}
@article{xiao2020explicit,
	doi = {10.1088/2058-6272/abf125},
	year = 2021,
	month = {apr},
	publisher = {{IOP} Publishing},
    journal={Plasma Science and Technology},
	volume = {23},
	number = {5},
	pages = {055102},
	author = {Jianyuan XIAO and Hong QIN},
	title = {{Explicit structure-preserving geometric particle-in-cell algorithm in curvilinear orthogonal coordinate systems and its applications to whole-device 6D kinetic simulations of tokamak physics}},
}
@article{he2016hamiltonian,
author = {He, Yang and Sun, Yajuan and Qin, Hong and Liu, Jian},
year = {2016},
month = {12},
pages = {9},
title = {{Hamiltonian particle-in-cell methods for Vlasov-Maxwell equations}},
volume = {23},
journal = {Physics of Plasmas},
doi = {10.1063/1.4962573}
}
@article{qin2016canonical,
	doi = {10.1088/0029-5515/56/1/014001},
	year = 2015,
	month = {dec},
	publisher = {{IOP} Publishing},
	volume = {56},
	number = {1},
	pages = {014001},
	author = {Hong Qin and Jian Liu and Jianyuan Xiao and Ruili Zhang and Yang He and Yulei Wang and Yajuan Sun and Joshua W. Burby and Leland Ellison and Yao Zhou},
	title = {{Canonical symplectic particle-in-cell method for long-term large-scale simulations of the Vlasov-Maxwell equations}},
	journal = {Nuclear Fusion},
}
@article{xiao2018structure,
	doi = {10.1088/2058-6272/aac3d1},
	year = 2018,
	month = {sep},
	publisher = {{IOP} Publishing},
	volume = {20},
	number = {11},
	pages = {110501},
	author = {Jianyuan XIAO and Hong QIN and Jian LIU},
	title = {{Structure-preserving geometric particle-in-cell methods for Vlasov-Maxwell systems}},
	journal = {Plasma Science and Technology}
}
@article{xiao2013variational,
author = {Xiao, Jianyuan and Liu, Jian and Qin, Hong and Yu, Zhi},
year = {2013},
month = {10},
pages = {2517-},
title = {{A variational multi-symplectic particle-in-cell algorithm with smoothing functions for the Vlasov-Maxwell system}},
volume = {20},
journal = {Physics of Plasmas},
doi = {10.1063/1.4826218}
}
@article{squire2012geometric,
author = {Squire, Jonathan and Qin, Hong and Tang, William},
year = {2012},
month = {08},
title = {{Geometric integration of the Vlasov-Maxwell system with a variational particle-in-cell scheme}},
volume = {19},
journal = {Physics of Plasmas},
doi = {10.2172/1037451}
}



@article{chen2016,
  title = {Physics of {{Alfv\'en}} Waves and Energetic Particles in Burning Plasmas},
  author = {Chen, Liu and Zonca, Fulvio},
  year = {2016},
  journal = {Rev. Mod. Phys.},
  volume = {88},
  number = {1},
  pages = {72}
}


@article{kennel1966a,
  title = {Limit on Stably Trapped Particle Fluxes},
  author = {Kennel, C. F. and Petschek, H. E.},
  year = {1966},
  month = jan,
  journal = {Journal of Geophysical Research},
  volume = {71},
  number = {1},
  pages = {1--28},
  issn = {01480227},
  doi = {10.1029/JZ071i001p00001},
  url = {http://doi.wiley.com/10.1029/JZ071i001p00001},
  urldate = {2023-03-04}
}

@article{kennel1966b,
  title = {Velocity {{Space Diffusion}} from {{Weak Plasma Turbulence}} in a {{Magnetic Field}}},
  author = {Kennel, C. F.},
  year = {1966},
  journal = {Physics of Fluids},
  volume = {9},
  number = {12},
  pages = {2377},
  issn = {00319171},
  doi = {10.1063/1.1761629},
  url = {https://aip.scitation.org/doi/10.1063/1.1761629},
  urldate = {2023-03-04}
}
@article{denton2004,
  title = {Electron Density in the Magnetosphere},
  author = {Denton, R. E.},
  year = {2004},
  journal = {J. Geophys. Res.},
  volume = {109},
  number = {A9},
  pages = {A09215},
  issn = {0148-0227},
  doi = {10.1029/2003JA010245},
  url = {http://doi.wiley.com/10.1029/2003JA010245},
  urldate = {2022-07-30}
}

@article{shiroto2022,
  title = {A Charge-Momentum-Energy-Conserving {{1D3V}} Hybrid {{Lagrangian}}\textendash{{Eulerian}} Method for {{Vlasov}}\textendash{{Maxwell}} System},
  author = {Shiroto, Takashi and Matsuyama, Akinobu and Yagi, Masatoshi},
  year = {2022},
  month = nov,
  journal = {Journal of Computational Physics},
  volume = {469},
  pages = {111522},
  issn = {00219991},
  doi = {10.1016/j.jcp.2022.111522},
  url = {https://linkinghub.elsevier.com/retrieve/pii/S0021999122005848},
  urldate = {2023-09-18}
}

@article{cottet2018,
  title = {Semi-{{Lagrangian}} Particle Methods for High-Dimensional {{Vlasov}}\textendash{{Poisson}} Systems},
  author = {Cottet, Georges-Henri},
  year = {2018},
  month = jul,
  journal = {Journal of Computational Physics},
  volume = {365},
  pages = {362--375},
  issn = {00219991},
  doi = {10.1016/j.jcp.2018.03.042},
  url = {https://linkinghub.elsevier.com/retrieve/pii/S0021999118302080},
  urldate = {2023-09-18},
}
@article{sonnendrucker1999,
  title = {The {{Semi-Lagrangian Method}} for the {{Numerical Resolution}} of the {{Vlasov Equation}}},
  author = {Sonnendr{\"u}cker, Eric and Roche, Jean and Bertrand, Pierre and Ghizzo, Alain},
  year = {1999},
  month = mar,
  journal = {Journal of Computational Physics},
  volume = {149},
  number = {2},
  pages = {201--220},
  issn = {00219991},
  doi = {10.1006/jcph.1998.6148},
  url = {https://linkinghub.elsevier.com/retrieve/pii/S0021999198961484},
  urldate = {2023-09-18}
}

@article{omura2008,
  title = {Theory and Simulation of the Generation of Whistler-Mode Chorus},
  author = {Omura, Yoshiharu and Katoh, Yuto and Summers, Danny},
  year = {2008},
  journal = {J. Geophys. Res. Space Phys.},
  volume = {113},
  number = {A4},
  issn = {2156-2202},
  doi = {10.1029/2007JA012622},
  url = {https://onlinelibrary.wiley.com/doi/abs/10.1029/2007JA012622},
  urldate = {2021-12-14},
}




@article{chen2015a,
  title = {A Multi-Dimensional, Energy- and Charge-Conserving, Nonlinearly Implicit, Electromagnetic {{Vlasov}}\textendash{{Darwin}} Particle-in-Cell Algorithm},
  author = {Chen, G. and Chac{\'o}n, L.},
  year = {2015},
  month = dec,
  journal = {Computer Physics Communications},
  volume = {197},
  pages = {73--87},
  issn = {00104655},
  doi = {10.1016/j.cpc.2015.08.008},
  url = {https://linkinghub.elsevier.com/retrieve/pii/S0010465515002921},
  urldate = {2023-03-26}
}

@article{xie2022,
  title = {{{BORAY}}: {{A}} Ray Tracing Code for Various Magnetized Plasma Configurations},
  shorttitle = {{{BORAY}}},
  author = {Xie, Hua-sheng and Banerjee, Debabrata and Bai, Yu-kun and Zhao, Han-yue and Li, Jing-chun},
  year = {2022},
  month = jul,
  journal = {Computer Physics Communications},
  volume = {276},
  pages = {108363},
  issn = {00104655},
  doi = {10.1016/j.cpc.2022.108363},
  url = {https://linkinghub.elsevier.com/retrieve/pii/S0010465522000820},
  urldate = {2022-08-11}
}


@article{vhscode,
  title = {A {{NOVEL TECHNIQUE FOR THE NUMERICAL-SIMULATION OF HOT COLLISION-FREE PLASMA}} - {{VLASOV HYBRID SIMULATION}}},
  author = {NUNN, D},
  year = {1993},
  month = sep,
  journal = {J. Comput. Phys.},
  volume = {108},
  number = {1},
  pages = {180--196},
  address = {{525 B ST, STE 1900, SAN DIEGO, CA 92101-4495}},
  issn = {0021-9991},
  doi = {10.1006/jcph.1993.1173},
}
@article{tao2014a,
  title = {A Numerical Study of Chorus Generation and the Related Variation of Wave Intensity Using the {{DAWN}} Code},
  author = {Tao, X.},
  year = {2014},
  month = may,
  journal = {J. Geophys. Res. Space Physics},
  volume = {119},
  number = {5},
  pages = {3362--3372},
  issn = {21699380},
  doi = {10.1002/2014JA019820},
  url = {http://doi.wiley.com/10.1002/2014JA019820},
  urldate = {2021-12-14}
}


%wang 's paper
@article{wang2012,
  title = {Simulation and Theory of Spontaneous {{TAE}} Frequency Sweeping},
  author = {Wang, Ge and Berk, H.L.},
  year = {2012},
  month = sep,
  journal = {Nucl. Fusion},
  volume = {52},
  number = {9},
  pages = {094003},
  issn = {0029-5515, 1741-4326},
  doi = {10.1088/0029-5515/52/9/094003},
  url = {https://iopscience.iop.org/article/10.1088/0029-5515/52/9/094003},
  urldate = {2022-04-05}
}

@article{wang2012a,
  title = {Model for Spontaneous Frequency Sweeping of an {{Alfv\'en}} Wave in a Toroidal Plasma},
  author = {Wang, Ge and Berk, H.L.},
  year = {2012},
  month = may,
  journal = {Communications in Nonlinear Science and Numerical Simulation},
  volume = {17},
  number = {5},
  pages = {2179--2190},
  issn = {10075704},
  doi = {10.1016/j.cnsns.2011.08.001},
  url = {https://linkinghub.elsevier.com/retrieve/pii/S1007570411004278},
  urldate = {2022-06-06}
}
@article{wang2018,
  title = {Frequency Chirping in the {{Alfv\'en}} Continuum},
  author = {Wang, G. and Berk, H.L. and Breizman, B.N. and Zheng, L.-J.},
  year = {2018},
  month = aug,
  journal = {Nuclear Fusion},
  volume = {58},
  number = {8},
  pages = {082014},
  issn = {0029-5515, 1741-4326},
  doi = {10.1088/1741-4326/aab502},
  url = {https://iopscience.iop.org/article/10.1088/1741-4326/aab502},
  urldate = {2022-04-05}
}

@article{wang2018a,
  title = {Chirping and {{Sudden Excitation}} of {{Energetic-Particle-Driven Geodesic Acoustic Modes}} in a {{Large Helical Device Experiment}}},
  author = {Wang, Hao and Todo, Yasushi and Ido, Takeshi and Suzuki, Yasuhiro},
  year = {2018},
  month = apr,
  journal = {Physical Review Letters},
  volume = {120},
  number = {17},
  pages = {175001},
  issn = {0031-9007, 1079-7114},
  doi = {10.1103/PhysRevLett.120.175001},
  url = {https://link.aps.org/doi/10.1103/PhysRevLett.120.175001},
  urldate = {2023-03-27}
}

@article{vann2007,
  title = {Strongly {{Driven Frequency-Sweeping Events}} in {{Plasmas}}},
  author = {Vann, R. G. L. and Berk, H. L. and {Soto-Chavez}, A. R.},
  year = {2007},
  month = jul,
  journal = {Phys. Rev. Lett.},
  volume = {99},
  number = {2},
  pages = {025003},
  issn = {0031-9007, 1079-7114},
  doi = {10.1103/PhysRevLett.99.025003},
  url = {https://link.aps.org/doi/10.1103/PhysRevLett.99.025003},
  urldate = {2022-02-10}
}

@article{Lin_2022,
doi = {10.1088/1741-4326/ac8be3},
url = {https://dx.doi.org/10.1088/1741-4326/ac8be3},
year = {2022},
month = {sep},
publisher = {IOP Publishing},
volume = {62},
number = {11},
pages = {112010},
author = {D.J. Lin and W.W. Heidbrink and N.A. Crocker and X.D. Du and R. Nazikian and M.A. Van Zeeland and K. Barada},
title = {Energetic particle-induced geodesic acoustic modes on DIII-D},
journal = {Nuclear Fusion},
}


@article{bierwage2021,
  title = {On the {{Effect}} of {{Beating}} during {{Nonlinear Frequency Chirping}}},
  author = {Bierwage, Andreas and White, Roscoe B. and Duarte, Vin{\'i}cius N.},
  year = {2021},
  month = jul,
  journal = {Plasma and Fusion Research},
  volume = {16},
  number = {0},
  pages = {1403087--1403087},
  issn = {1880-6821},
  doi = {10.1585/pfr.16.1403087},
  url = {https://www.jstage.jst.go.jp/article/pfr/16/0/16_1403087/_article},
  urldate = {2024-01-09},
  keywords = {/unread}
}

@article{dewar1973a,
  title = {Oscillation Center Quasilinear Theory},
  author = {Dewar, R. L.},
  year = {1973},
  month = jul,
  journal = {Phys. Fluids},
  volume = {16},
  number = {7},
  pages = {1102--1107},
  issn = {0031-9171},
  doi = {10.1063/1.1694473},
  url = {https://pubs.aip.org/pfl/article/16/7/1102/837951/Oscillation-center-quasilinear-theory},
  urldate = {2024-01-09},
  keywords = {/unread}
}

@article{dodin2022,
  title = {Quasilinear Theory for Inhomogeneous Plasma},
  author = {Dodin, I.Y.},
  year = {2022},
  month = aug,
  journal = {J. Plasma Phys.},
  volume = {88},
  number = {4},
  pages = {905880407},
  issn = {0022-3778, 1469-7807},
  doi = {10.1017/S0022377822000502},
  url = {https://www.cambridge.org/core/product/identifier/S0022377822000502/type/journal_article},
  urldate = {2024-01-09},
  keywords = {/unread}
}

@article{duarte2017,
  title = {Theory and Observation of the Onset of Nonlinear Structures Due to Eigenmode Destabilization by Fast Ions in Tokamaks},
  author = {Duarte, V. N. and Berk, H. L. and Gorelenkov, N. N. and Heidbrink, W. W. and Kramer, G. J. and Nazikian, R. and Pace, D. C. and Podest{\`a}, M. and Van Zeeland, M. A.},
  year = {2017},
  month = dec,
  journal = {Phys. Plasmas},
  volume = {24},
  number = {12},
  pages = {122508},
  issn = {1070-664X, 1089-7674},
  doi = {10.1063/1.5007811},
  url = {https://pubs.aip.org/pop/article/24/12/122508/929240/Theory-and-observation-of-the-onset-of-nonlinear},
  urldate = {2024-01-09},
  keywords = {/unread}
}

@article{duarte2019,
  title = {Collisional Resonance Function in Discrete-Resonance Quasilinear Plasma Systems},
  author = {Duarte, V. N. and Gorelenkov, N. N. and White, R. B. and Berk, H. L.},
  year = {2019},
  month = dec,
  journal = {Phys. Plasmas},
  volume = {26},
  number = {12},
  pages = {120701},
  issn = {1070-664X, 1089-7674},
  doi = {10.1063/1.5129260},
  url = {https://pubs.aip.org/pop/article/26/12/120701/253536/Collisional-resonance-function-in-discrete},
  urldate = {2024-01-09},
  keywords = {/unread}
}

@article{duarte2023,
  title = {Shifting and {{Splitting}} of {{Resonance Lines}} Due to {{Dynamical Friction}} in {{Plasmas}}},
  author = {Duarte, V. N. and Lestz, J. B. and Gorelenkov, N. N. and White, R. B.},
  year = {2023},
  month = mar,
  journal = {Phys. Rev. Lett.},
  volume = {130},
  number = {10},
  pages = {105101},
  issn = {0031-9007, 1079-7114},
  doi = {10.1103/PhysRevLett.130.105101},
  url = {https://link.aps.org/doi/10.1103/PhysRevLett.130.105101},
  urldate = {2024-01-09},
  keywords = {/unread}
}

@article{heidbrink2008a,
  title = {Basic Physics of {{Alfv{\'e}n}} Instabilities Driven by Energetic Particles in Toroidally Confined Plasmas},
  author = {Heidbrink, W. W.},
  year = {2008},
  month = may,
  journal = {Phys. Plasmas},
  volume = {15},
  number = {5},
  pages = {055501},
  issn = {1070-664X, 1089-7674},
  doi = {10.1063/1.2838239},
  url = {https://pubs.aip.org/pop/article/15/5/055501/1015770/Basic-physics-of-Alfven-instabilities-driven-by},
  urldate = {2024-01-09},
  keywords = {/unread}
}

@article{albert2021,
  title = {Models of {{Resonant Wave-Particle Interactions}}},
  author = {Albert, J. M. and Artemyev, A. V. and Li, W. and Gan, L. and Ma, Q.},
  year = {2021},
  journal = {J. Geophys. Res. Space Phys.},
  volume = {126},
  number = {6},
  pages = {e2021JA029216},
  issn = {2169-9402},
  doi = {10.1029/2021JA029216},
  url = {https://onlinelibrary.wiley.com/doi/abs/10.1029/2021JA029216},
  urldate = {2022-03-30}
}


@article{CARY1989287,
  title = {Phase Change between Separatrix Crossings},
  author = {Cary, John R. and Skodje, Rex T.},
  year = {1989},
  journal = {Phys. Nonlinear Phenom.},
  volume = {36},
  number = {3},
  pages = {287--316},
  issn = {0167-2789},
  doi = {10.1016/0167-2789(89)90086-9},
  url = {https://www.sciencedirect.com/science/article/pii/0167278989900869},
  keywords = {/unread}
}

@article{saitoh2024,
  title = {Experimental Study on Chorus Emission in an Artificial Magnetosphere},
  author = {Saitoh, Haruhiko and Nishiura, Masaki and Kenmochi, Naoki and Yoshida, Zensho},
  year = {2024},
  month = feb,
  journal = {Nat Commun},
  volume = {15},
  number = {1},
  pages = {861},
  issn = {2041-1723},
  doi = {10.1038/s41467-024-44977-x},
  url = {https://www.nature.com/articles/s41467-024-44977-x},
  urldate = {2024-03-30},
  keywords = {/unread}
}
@article{wu2023,
  title = {Connection {{Between Chorus Wave Amplitude}} and {{Background Magnetic Field Inhomogeneity}}: {{A Parametric Study}}},
  shorttitle = {Connection {{Between Chorus Wave Amplitude}} and {{Background Magnetic Field Inhomogeneity}}},
  author = {Wu, Zeyin and Huang, Hua and Wu, Yifan and Tao, Xin and Katoh, Yuto and Wang, Xiaogang},
  year = {2023},
  month = dec,
  journal = {Geophysical Research Letters},
  volume = {50},
  number = {24},
  pages = {e2023GL106397},
  issn = {0094-8276, 1944-8007},
  doi = {10.1029/2023GL106397},
  url = {https://agupubs.onlinelibrary.wiley.com/doi/10.1029/2023GL106397},
  urldate = {2024-02-04}
}

@ARTICLE{huanghua_test_ptc,
  author={Huang, Hua and Gao, Xiao-Tian and Wang, Xiao-Gang and Wang, Zhi-Bin},
  journal={IEEE Transactions on Plasma Science}, 
  title={Electron Acceleration and Diffusion in the Gyrophase Space by Low-Frequency Electromagnetic Waves}, 
  year={2018},
  volume={46},
  number={2},
  pages={225-229},
  keywords={Acceleration;Magnetic resonance;Mathematical model;Kinetic energy;Ions;Belts;Electromagnetic scattering;Electromagnetic (EM) propagation;nonlinear wave propagation;plasma waves},
  doi={10.1109/TPS.2017.2771277}}

@article{omura_test_ptc,
author = {Omura, Yoshiharu and Furuya, Naoki and Summers, Danny},
title = {Relativistic turning acceleration of resonant electrons by coherent whistler mode waves in a dipole magnetic field},
journal = {Journal of Geophysical Research: Space Physics},
volume = {112},
number = {A6},
pages = {},
keywords = {Cyclotron resonance, whistler mode wave, electron acceleration},
doi = {https://doi.org/10.1029/2006JA012243},
url = {https://agupubs.onlinelibrary.wiley.com/doi/abs/10.1029/2006JA012243},
year = {2007}
}

@article{tao_test_ptc,
author = {Tao, X. and Bortnik, J. and Thorne, R. M. and Albert, J. M. and Li, W.},
title = {Effects of amplitude modulation on nonlinear interactions between electrons and chorus waves},
journal = {Geophysical Research Letters},
volume = {39},
number = {6},
pages = {},
keywords = {chorus subpackets, nonlinear interactions},
doi = {https://doi.org/10.1029/2012GL051202},
url = {https://agupubs.onlinelibrary.wiley.com/doi/abs/10.1029/2012GL051202},
year = {2012}
}

